4432 5898
784 946 858 1032 218
950 940 1218 1023 Anaunncr
1242 940 1511 1026 Gnnntus

783 1065 956 1170 (quando
977 1068 1153 1146 convenit
1169 1065 1218 1144 de
1265 1065 1461 1167 osteriore)
1486 1065 1710 1146 venditionis

785 1167 1023 1248 celebrandae.
1076 1166 1191 1246 Utilia
1205 1089 1263 1246 εἰ
1274 1165 1507 1284 praesentium
1524 1167 1710 1247 bonorum

787 1270 1046 1364 conservatio,
1071 1289 1133 1348 aut
1150 1269 1355 1348 absentium
1376 1271 1625 1368 comparatio,
1649 1284 1712 1345 aut

789 1370 972 1449 maiorum
990 1371 1237 1475 propulsatio,
1260 1371 1320 1448 vel
1334 1367 1536 1445 inhibitio:
1564 1391 1604 1446 ut
1623 1367 1712 1447 Ari·

787 1469 963 1566 stoteles,
988 1471 1062 1549 srve
1103 1474 1158 1550 uis
1182 1473 1271 1548 alius
1288 1468 1418 1547 audtor
1434 1467 1649 1555 Rhetorice
1664 1463 1714 1548 ad

788 1571 1045 1652 Alexandrum
1059 1496 1196 1663 ,docet
1221 1569 1399 1649 venditio
1408 1586 1555 1662 autem,
1578 1570 1626 1647 de
1642 1589 1714 1668 qua

787 1677 1018 1770 quaerimus,
1042 1673 1232 1754 conservat
1257 1673 1364 1750 nobis
1385 1672 1484 1750 bona
1501 1670 1712 1773 prtesentia,

786 1774 970 1874 propulsat
979 1775 1218 1853 incommoda
1239 1773 1386 1866 fututa,
1410 1789 1452 1850 ut
1470 1795 1546 1869 ego
1562 1769 1714 1872 quidem

783 1872 919 1952 censeo
940 1897 953 1950 .·
987 1875 1031 1953 dc
1054 1876 1220 1965 censeo,
1244 1895 1307 1952 me
1333 1897 1413 1950 non
1437 1869 1583 1950 censere
1609 1869 1716 1947 male.

787 1969 857 2048 Tu
868 1977 1109 2075 tamen(audi
1122 1972 1552 2075 modo)censebisionge
1562 1973 1716 2072 optime.

786 2068 1051 2153 Pronuntiavit
1091 2076 1207 2170 udex,
1231 2063 1547 2177 quemadmodum
1557 2070 1718 2172 Legatut

791 2170 1035 2277 &effetinpo
1064 2175 1195 2254 essione
1212 2175 1420 2264 bonorum,¹
1454 2169 1496 2248 &
1512 2174 1612 2248 inea
1630 2168 1720 2247 effet

789 2270 1001 2372 poiseffione
1019 2273 1223 2356 servandus.
1248 2273 1368 2351 Nunc
1385 2271 1412 2349 fi
1430 2269 1619 2350 adversarii
1638 2269 1721 2367 (di-

790 2374 1003 2453 covetbum
1022 2374 1264 2468 veriffimum)
1285 2371 1426 2471 judicio
1441 2389 1550 2473 agant
1565 2393 1721 2474 reeupe-

788 2473 950 2567 rntori05
976 2473 1111 2552 eodem
1129 2471 1341 2576 polieffione
1360 2471 1520 2570 spoliati,
1544 2491 1720 2548 momen·

787 2587 829 2647 to
837 2589 1025 2674 tempore,
1051 2572 1197 2665 triduo,
1217 2573 1373 2652 trihorio
1381 2569 1623 2650 restituentur.
1646 2567 1720 2648 Vi-

788 2672 909 2748 cimus
922 2670 1099 2750 hedenus
1110 2674 1225 2752 multa
1244 2673 1395 2750 incausa
1411 2670 1477 2750 ista
1492 2695 1557 2774 pet
1575 2671 1721 2748 bonum

790 2769 932 2864 iatum,
954 2772 1078 2852 neseio
1099 2797 1147 2851 an
1163 2795 1290 2876 perne
1316 2771 1503 2948 lffentiam
1524 2773 1632 2874 partit
1655 2767 1724 2850 ad·

789 2870 904 2950 versae
913 2874 1071 2966 maiam,
1094 2874 1264 2974 etiamqu
1356 2869 1652 2950 enovaineunda
1667 2895 1721 2950 κ·

792 2967 1208 3064 stimationenonursrt,
1233 2972 1460 3074 implicandis
1469 2973 1578 3051 novis
1588 2971 1721 3052 morit:

795 3072 1159 3170 utpotuitbelliiiime
1169 3071 1348 3152 Menoch.
1359 3070 1504 3172 adipisc.
1512 3095 1604 3151 rem.
1615 3095 1648 3170 5·
1657 3091 1723 3156 uu.

797 3169 883 3250 166.
907 3171 965 3249 vel
981 3168 1649 3274 quiaaestimationunquamtranfitin
1667 3169 1723 3268 ju·

798 3267 986 3362 dicatum,
1010 3272 1068 3349 vel
1079 3273 1185 3373 quia,
1209 3271 1305 3350 faita
1320 3293 1448 3357 autea»
1469 3273 1529 3350 alii
1547 3269 1723 3350 fiuieafu·

796 3367 858 3445 &a
867 3371 948 3448 fuit·
972 3370 1094 3452 Etiam
1103 3371 1205 3473 quod
1219 3370 1268 3449 de
1277 3369 1652 3472 fidejuii'oribuunovis
1662 3393 1722 3448 ac·

797 3469 975 3569 cipiendis
992 3495 1070 3549 non
1085 3474 1220 3572 exigit,
1245 3471 1287 3550 &
1303 3475 1422 3574 potuit
1435 3474 1576 3572 optime
1597 3495 1609 3548 t
1635 3493 1723 3548 nam

793 3567 967 3648 datiolim
979 3569 1026 3648 de
1033 3573 1176 3671 judicio
1185 3570 1263 3656 isti,
1285 3569 1724 3672 requenonbarattanda,

796 3691 875 3746 nou
885 3689 1056 3750 tenentur
1058 3676 1135 3771 jam
1146 3697 1184 3749 re
1194 3672 1289 3750 faeta
1297 3673 1415 3750 venali
1422 3694 1487 3772 per
1499 3669 1724 3772 judicispro·

798 3773 1073 3848 nunciationero
1121 3771 1243 3850 Etiam
1266 3773 1313 3850 ab
1338 3772 1407 3849 hac
1422 3773 1726 3873 pronunciatione

799 3872 921 3969 potuit
930 3873 1104 3972 appellare
1128 3895 1136 3948 :
1161 3872 1343 3951 cumeiiet
1353 3873 1556 3951 secuturum
1571 3893 1720 3973 recupe·

797 3971 971 4048 ratorium
1001 3971 1245 4072 supradidtum
1267 3989 1603 4052 momentaneum:
1623 3970 1725 4075 quod

797 4069 862 4145 sua
880 4070 1057 4149 brevitate
1073 4073 1235 4173 periculo
1251 4073 1460 4176 perditionis
1473 4096 1594 4152 return
1612 4121 1627 4166 ,
1652 4095 1726 4152 nec

799 4167 988 4248 fruituum
1002 4173 1251 4265 horatiorum,
1274 4176 1575 4254 satisoccurteret.
1599 4175 1724 4275 Atque

804 4267 880 4346 hoc
898 4275 1151 4376 recuperatotii
1167 4275 1370 4353 remedium
1390 4272 1517 4374 judicii
1534 4271 1561 4348 sr
1579 4271 1722 4364 filetut,

799 4376 1059 4469 aotegototius
1067 4371 1144 4450 sum
1156 4375 1416 4475 ignaruajuris,
1435 4371 1723 4472 autidemigno·

802 4485 886 4583 rant
901 4471 1107 4550 universum
1123 4471 1260 4552 adversr
1286 4476 1438 4574 patroni.
1473 4472 1602 4576 Pergo.
1625 4473 1665 4550 Si
1679 4495 1725 4548 o·

803 4585 951 4650 mittant
981 4568 1030 4650 de
1055 4575 1162 4654 omui
1195 4573 1407 4678 posseffioue
1440 4571 1649 4680 disputare,
1681 4572 1725 4652 δι

1630 4693 1724 4752 con·
