4452 5904
966 965 1012 1072 E
1042 962 1137 1064 ΡΙ
1167 965 1199 1068 S
1227 963 1279 1072 T
1310 965 1436 1072 01,
1465 969 1511 1072 A

796 1143 893 1248 Cui
910 1147 1117 1260 astarum
1137 1179 1226 1273 pro
1246 1143 1469 1280 Hispanis
1486 1153 1536 1250 in
1557 1151 1719 1255 Conli-

793 1302 936 1408 storio
954 1309 1114 1444 Regio
1133 1306 1382 1410 caussarum
1405 1308 1522 1411 liber
1531 1381 1554 1432 ‚.
1580 1347 1723 1446 quam

801 1467 969 1570 summi
1011 1469 1341 1608 Hispaniarum
1371 1471 1566 1606 Regis,
1595 1473 1724 1606 apud

795 1629 1052 1733 Caesaream
1069 1631 1388 1768 Majestatem,
1420 1633 1720 1736 Oratori?1n

795 1794 925 1923 cujus
943 1793 1204 1898 clientelam
1226 1797 1383 1930 potius
1400 1791 1638 1931 confugiat
1647 1793 1725 1896 hic

793 1947 937 2075 liber,
972 1989 1115 2090 quam
1131 1962 1260 2092 ejus,
1292 1957 1456 2091 quiex
1479 1989 1532 2056 ea
1552 1951 1727 2058 familia

794 2139 927 2213 uatus
943 2115 1032 2234 est,
1046 2150 1109 2219 ex
1122 2114 1387 2251 quaisfuit,
1405 2116 1484 2216 cui
1497 2117 1723 2249 originem

793 2266 919 2374 suam
950 2311 1005 2377 nc
1024 2282 1167 2381 vitam
1197 2280 1274 2381 hic
1291 2278 1408 2380 liber
1432 2278 1599 2380 debet?
1632 2281 1724 2380 Ac·

799 2439 927 2537 cedit
944 2437 1036 2537 huc
1056 2465 1137 2539 rua
1154 2437 1436 2540 incredibilis
1455 2437 1728 2545 humanitas,

797 2631 903 2732 quae
928 2633 1307 2736 unumquemque
1324 2601 1384 2700 ad
1414 2597 1460 2700 se
1483 2605 1729 2705 amandum

800 2762 1146 2897 colendumque
1164 2763 1348 2878 allicit,
1384 2793 1493 2862 cum
1519 2757 1728 2899 fingulari

796 2927 1007 3043 virtute,
1039 2921 1314 3056 summoque
1348 2919 1589 3053 splendore
1622 2925 1732 3024 vitae

800 3085 1054 3220 conjuncta
1094 3084 1317 3190 Vidimus
1335 3083 1420 3217 ipsr
1438 3083 1555 3215 saepe
1573 3117 1728 3183 cotarn
1932 3093 1937 3102 ’

797 3249 855 3347 in
871 3245 1009 3348 Urbe
1026 3245 1113 3344 hac
1125 3241 1317 3374 Imperii
1335 3247 1535 3344 maxima
1546 3239 1729 3344 clarissi·

799 3437 971 3538 maque
988 3403 1041 3506 N
1045 3402 1324 3540 orimberga;
1346 3406 1728 3539 tequevidentem

805 3565 955 3701 ipsum
972 3567 1329 3699 quodammodo
1346 3568 1514 3670 intueri
1543 3568 1726 3699 Regem

801 3728 1061 3828 maximum
1089 3724 1394 3845 videbamur,
1425 3737 1473 3830 &
1501 3726 1730 3857 magnitu-

799 3891 924 3995 dinis
951 3883 1221 4020 Hispanicae
1249 3885 1435 3990 molem.
1500 3887 1636 4019 Qid
1661 3882 1728 3984 est

792 4013 929 4153 ‘enim
950 4049 1152 4184 Legatus
1167 4047 1326 4167 alind,
1359 4081 1500 4186 quam
1518 4058 1639 4150 os&
1657 4042 1729 4145 fa·

804 4216 898 4316 cies
917 4216 1037 4344 ejus,
1054 4216 1081 4312 ὲ
1101 4247 1199 4346 quo
1218 4208 1371 4312 missus
1393 4209 1484 4330 est,
1504 4208 1727 4341 cujusque

800 4379 865 4480 ob
877 4375 927 4476 id
936 4371 1178 4506 personam
1196 4366 1728 4472 sustinereexistimatur?

800 4541 928 4640 Bene
956 4533 1247 4668 feliciterque
1264 4533 1413 4637 valeat
1431 4523 1726 4792 Illuslgslma

1611 4719 1727 4824 igm-
