4432 5898
817 992 890 1073 ²4²
990 968 1250 1058 Aunnarcr
1276 974 1543 1060 Gaurrtrs

817 1095 1115 1202 turdrseeptatio‚
1137 1103 1238 1204 quod
1248 1101 1346 1180 nulla
1357 1099 1400 1182 stt
1410 1101 1635 1196 conventio,
1658 1125 1748 1184 cum

819 1193 873 1275 est
892 1221 1148 1294 conventum,
1173 1220 1213 1279 ut
1230 1202 1460 1282 adhiberetur
1476 1203 1679 1293 Notarius,
1704 1204 1748 1283 δε

674 1331 692 1375 ι
709 1312 730 1370 ι.
748 1330 807 1370 en·
821 1297 921 1378 fieret
930 1297 1123 1400 scriptura,
1146 1303 1503 1396 &arrstrumeutum‚
1527 1301 1749 1402 ‘suscriptu-

674 1389 814 1447 ΝΜ·
823 1422 861 1476 ra
870 1423 930 1477 aut
939 1399 1221 1480 instrumentum
1234 1404 1582 1500 nonantervenerit3
1597 1401 1657 1481 res
1679 1426 1750 1480 ou·

674 1463 887 1579 ‘'w''det
903 1499 1124 1592 Decianus,
1146 1503 1247 1604 loqur
1272 1504 1426 1605 segem,
1458 1503 1501 1582 δε
1526 1525 1635 1604 proce
1660 1525 1749 1594 ere,

819 1599 968 1701 quando
992 1597 1117 1678 asiam
1136 1602 1189 1682 est
1217 1625 1309 1680 mter
1323 1622 1470 1704 partes,
1492 1623 1534 1682 ut
1553 1627 1632 1681 non
1647 1603 1748 1681 aliter

819 1702 935 1780 valeat
962 1698 1205 1792 contaetus,
1236 1701 1305 1779 nrsr
1337 1703 1507 1806 scriptura
1539 1701 1636 1782 fasta
1659 1727 1668 1780 :
1689 1701 1748 1780 vel

820 1799 972 1901 quando
986 1805 1239 1880 contrahentes
1257 1803 1480 1903 gerebantin
1496 1806 1646 1894 animo,
1669 1825 1751 1880 nou

821 1902 923 2018 prius
940 1899 1150 1980 contrahere
1177 1949 1193 1992 ‚
1222 1925 1334 2005 quam
1351 1901 1521 1984 scribatur
1544 1927 1554 1981 r
1577 1904 1636 1980 vel
1665 1921 1752 1981 ante

824 2022 947 2078 intera
973 2000 1031 2079 sos
1046 2006 1279 2082 convenerit,
1304 2024 1344 2083 ut
1358 2000 1530 2105 scriptura
1545 2001 1657 2084 fieret.
1680 1999 1750 2079 Se·

822 2123 907 2192 cus,
980 2103 1200 2206 aprincipio
1214 2103 1650 2197 contrahunt&voiunt‚
1672 2101 1753 2181 fieri

821 2198 1032 2302 scripturam
1050 2195 1173 2302 postea
1183 2202 1503 2304 adprobationem.
1552 2204 1602 2282 Et
1616 2203 1752 2282 itsdc·

823 2299 934 2380 clarat
950 2301 1003 2400 gi.
1019 2303 1125 2381 ibi&
1142 2303 1229 2380 alrbr
1252 2327 1261 2376 ε
1311 2327 1397 2381 uam
1415 2304 1539 2382 caeteri
1557 2301 1752 2384 scribentes

677 2421 785 2495 aaran·
823 2399 1037 2502 sequantur,
1060 2401 1102 2480 &
1147 2406 1272 2481 ulchre
1290 2405 1303 2478 i
1327 2402 1427 2484 idem
1445 2402 1579 2486 Odosr.
1598 2404 1641 2483 δε
1658 2405 1749 2486 Alb.

823 2500 952 2604 quide
969 2521 1095 2580 mente
1116 2425 1359 2604 speculatoris
1377 2499 1560 2598 scribunt,
1604 2503 1678 2583 uod
1692 2503 1753 2581 so-

821 2605 989 2682 lemnitas
1007 2603 1101 2681 iilius
1117 2605 1207 2702 legis
1222 2602 1334 2680 hodie
1341 2603 1388 2682 de
1397 2527 1754 2685 consuetusiaenon

822 2701 993 2782 servatur.
1042 2701 1091 2780 Et
1114 2699 1215 2806 quod
1233 2705 1463 2805 requiratur,
1493 2722 1536 2784 ut
1555 2706 1650 2784 inter
1668 2727 1754 2805 par·

828 2801 1092 2884 territamur
1121 2801 1309 2902 expresse.
1342 2827 1391 2881 ne
1414 2805 1517 2883 aliter
1544 2804 1753 2884 contaetus

826 2905 980 2994 micat,
1009 2902 1075 2980 nist
1093 2901 1154 2980 fiat
1175 2901 1375 3083 fungum,
1396 2906 1479 3000 ait,
1510 2906 1605 2985 ciare
1628 2923 1753 2984 tenere

830 3005 1017 3106 Angelum
1045 3002 1181 3080 ibidem
1276 3029 1290 3082 t
1318 3003 1455 3082 ibidem
1481 3024 1604 3084 nmen
1623 3020 1752 3084 contra

826 3126 977 3196 tenere,
1001 3104 1081 3181 airis
1095 3104 1259 3182 videatur
1275 3133 1288 3196 ς
1319 3104 1408 3182 item
1426 3106 1512 3182 alibi
1530 3103 1751 3184 Castrensis:

855 3228 940 3282 uem
959 3203 1128 3281 videntur
1144 3202 1246 3306 sequi
1267 3205 1405 3307 Fuigos.
1428 3203 1492 3283 Ias.
1517 3202 1644 3284 Socin.
1661 3202 1753 3283 Affl.

873 3329 926 3383 ec.
951 3300 1053 3380 Cirat
1069 3302 1257 3382 Decianus
1272 3302 1382 3382 Decii
1396 3301 1588 3384 confilium
1604 3303 1756 3382 undeci-

827 3429 936 3484 mum
959 3425 972 3477 .·
996 3407 1131 3505 inquo
1153 3404 1292 3482 Decius
1304 3404 1442 3488 scribit.
1463 3406 1565 3506 quod
1575 3428 1652 3483 non
1663 3427 1755 3484 ceu·

830 3508 945 3582 icatur
974 3502 1155 3604 perfectus
1181 3503 1390 3584 contrasius
1413 3524 1499 3582 ante
1532 3505 1756 3584 instrumen-

831 3625 945 3695 tum,
970 3603 997 3680 sa
1020 3601 1162 3680 dissum
1180 3603 1234 3680 est
1253 3657 1264 3688 ‚
1284 3627 1325 3682 ut
1347 3603 1594 3684 detransasiis
1617 3604 1754 3684 fiatin·

831 3705 1089 3785 strumentum.
1137 3702 1187 3780 Et
1201 3706 1301 3804 quod
1314 3705 1568 3783 itaobtentum
1580 3706 1650 3785 fuit
1665 3703 1754 3782 Flo·

831 3807 969 3884 rentiae.
1017 3803 1164 3882 Scilicet
1177 3828 1247 3881 nec
1264 3805 1429 3890 obstare,
1450 3804 1551 3908 quod
1562 3829 1640 3884 uon
1656 3805 1756 3884 dica·

831 3923 890 3982 tur
905 3903 1112 3982 coutrasius
1139 3911 1178 3980 in
1201 3905 1338 4006 scriptis
1355 3935 1368 3998 a
1389 3907 1476 4007 quia
1493 3905 1536 3984 fit
1551 3904 1664 3993 satis,
1685 3904 1755 3984 sus·

834 4005 945 4106 pendi
962 4003 1232 4104 disposrtionem
1251 4008 1292 4082 in
1310 4006 1474 4085 futurum
1492 4027 1637 4106 tempus
1657 4031 1667 4082 ε
1685 4007 1756 4084 ita·

834 4128 905 4204 que
929 4105 1056 4182 iocum
1093 4109 1321 4204 poenitentiae
1346 4103 1533 4209 superesse.
1581 4105 1679 4185 Sane
1705 4107 1756 4186 ita

833 4203 974 4282 Decius
992 4228 1117 4283 revera
1131 4223 1255 4298 tenet,
1279 4230 1356 4282 non
1373 4206 1519 4285 videtur
1532 4225 1665 4285 tenere.
1702 4205 1757 4284 Et

834 4303 1021 4381 Decianus
1043 4321 1120 4380 non
1140 4305 1233 4380 belle
1248 4324 1362 4384 tentat
1381 4307 1465 4384 istas
1486 4309 1688 4385 autoritates
1704 4305 1756 4386 sic

688 4411 821 4492 ruens.
834 4401 1037 4482 obscurare.
1070 4401 1192 4581 ‘de
1207 4429 1285 4482 non
1298 4408 1408 4483 etiarn
1426 4407 1553 4485 citavit
1568 4407 1756 4499 Decium,

687 4505 749 4569 ¹59·
833 4505 898 4581 ubi
914 4503 1012 4594 idern
1031 4503 1140 4580 desen
1166 4507 1196 4579 it
1209 4505 1336 4595 latius,
1358 4503 1638 4586 &Castreusem
1646 4506 1756 4585 etiam

832 4606 874 4686 iu
891 4603 1048 4686 confluis
1068 4604 1179 4709 (quae
1194 4603 1272 4687 utet
1285 4605 1497 4706 Decianus)
1515 4604 1757 4711 probacpar·

1715 4723 1756 4784 te
