4488 5904
802 929 874 1028 156
993 934 1250 1014 Acucnrcr
1275 934 1545 1014 Ganrrcrs

796 1057 835 1133 in
844 1057 1024 1137 decisione
1032 1063 1235 1160 quoniam,
1257 1058 1390 1160 absque
1400 1058 1621 1138 refutatione
1629 1062 1728 1161 ejus,

797 1156 865 1235 alia
878 1180 973 1237 certa
989 1157 1055 1236 fibi
1073 1162 1142 1238 fuit
1159 1158 1367 1262 respooiio,
1384 1159 1485 1261 quod
1505 1159 1545 1236 in
1560 1157 1643 1235 casu
1663 1160 1730 1236 suo

649 1289 670 1350 q
693 1273 753 1331 nee.
763 1290 785 1330 a.
799 1260 995 1359 necperfici
1005 1257 1177 1359 potuiffet
1193 1260 1362 1360 probatio
1371 1259 1628 1338 incontinenti.
1653 1257 1729 1337 uin

646 1363 683 1477 A*
699 1361 787 1474 ξω·
797 1357 943 1437 ledluris
961 1357 1349 1438 Deciusstatanimoic
1359 1381 1434 1458 ¹pro
1442 1357 1728 1441 Panormitano.

646 1439 786 1570 ,affl
796 1457 846 1536 Et
860 1483 931 1538 nec
946 1481 1070 1538 tamen
1086 1457 1232 1537 adducit
1251 1483 1321 1562 pro
1339 1455 1603 1538 Panormitano
1618 1459 1728 1558 quid·

794 1580 920 1659 quarn.
979 1558 1069 1638 Nec
1092 1559 1287 1663 respondet
1314 1559 1445 1659 primae
1469 1559 1727 1658 potentiffimae

793 1660 927 1737 rationi
950 1659 1152 1738 Alexandri
1183 1683 1193 1735 t
1224 1680 1339 1761 quarn
1368 1657 1725 1762 exscribitrFelynus

794 1781 938 1852 unam,
971 1760 1013 1836 δι
1037 1784 1148 1838 unam
1168 1759 1335 1860 indigitat
1352 1757 1457 1836 Iason
1484 1760 1619 1836 bonam
1645 1785 1654 1832 ε
1681 1759 1725 1839 bc

792 1881 877 1960 quae
890 1861 972 1938 hacc
988 1859 1042 1938 est
1065 1885 1074 1936 ε
1099 1861 1162 1938 ubi
1180 1859 1397 1939 desideratur
1412 1857 1581 1960 probatio
1596 1864 1723 1937 incon·

792 1963 929 2038 tinenti
950 2010 965 2054 ,
986 1962 1039 2038 ibi
1055 1963 1130 2060 ejus
1145 1961 1286 2039 oblatio
1303 1982 1473 2058 operatur
1490 1957 1648 2059 amplius
1663 1961 1722 2036 ni·

793 2062 844 2138 hil
870 2087 886 2137 ·.
905 2060 965 2138 sed
981 2059 1171 2138 morandae
1189 2062 1399 2143 executioni
1409 2057 1625 2139 deiideratur
1639 2082 1724 2161 pro·

793 2161 894 2240 bario
921 2163 1202 2239 incontinenti:
1234 2184 1324 2263 ergo
1351 2162 1431 2256 ejus
1471 2159 1609 2238 oblatio
1641 2186 1722 2239 non

792 2263 1002 2365 operabitur
1023 2261 1066 2337 δε
1087 2259 1336 2366 depullionem
1347 2258 1640 2364 praesumptionis
1657 2285 1720 2340 ca·

791 2362 954 2441 lumniae.
1003 2359 1156 2453 Miror,
1179 2359 1480 2447 Covarruvianr,
1504 2364 1569 2461 qui
1592 2361 1636 2439 &
1655 2364 1716 2440 in·

791 2465 901 2540 clinat
919 2465 964 2542 ad
981 2460 1287 2544 Panormitanum
1305 2506 1321 2547 ›
1342 2460 1486 2552 dicere,
1510 2461 1719 2544 Alexandro

789 2561 1261 2666 responsumelieiDecio.
1310 2561 1548 2664 Respondet,
1568 2580 1720 2640 autten-

791 2682 843 2741 tat
859 2663 1072 2763 respondere
1089 2663 1228 2742 Decius
1244 2661 1289 2741 ad
1298 2662 1383 2743 aliar
1394 2661 1590 2744 Alexandri
1607 2665 1717 2744 ratio·

790 2788 879 2857 nes3
904 2763 964 2842 sed
985 2765 1032 2842 ad
1047 2763 1286 2866 supradictam
1307 2788 1354 2842 ne
1373 2763 1525 2866 adspirat
1552 2763 1715 2866 quidem.

790 2857 1003 2966 Supradidba
1018 2864 1135 2943 adhuc
1149 2863 1387 2944 confirmatur
1397 2868 1437 2943 in
1454 2861 1537 2944 casu
1554 2865 1627 2943 hoc
1644 2889 1715 2942 no·

642 2964 777 3025 rumex
792 2965 865 3043 stro
873 2963 1091 3070 possedon-ii,
1114 2965 1282 3067 rinquo,
1293 2967 1395 3043 velut
1408 2967 1623 3057 executivo,
1634 2965 1715 3067 spe·

637 3041 781 3190 ἷξε),
791 3066 928 3144 cialiter
944 3065 1062 3144 adbuc
1078 3066 1309 3168 probationes
1331 3067 1575 3145 incontinenti
1592 3069 1715 3168 requi·

640 3205 659 3246 2
677 3209 705 3247 η.
722 3189 774 3248 cr.
793 3187 922 3244 runtur
940 3171 1146 3245 executioni
1162 3166 1362 3246 morandae.
1382 3167 1716 3247 tEnecutionirno·

639 3265 691 3321 ⁸¹¹¹·
702 3281 775 3356 ως
791 3268 913 3372 rendae
931 3266 1146 3347 desideratur
1161 3269 1329 3369 probatio
1345 3269 1591 3346 incontinenti
1608 3267 1653 3345 :s
1674 3292 1716 3346 e·

640 3342 783 3473 {fjssff'
791 3370 928 3446 cialiter
945 3389 1067 3446 autern
1086 3370 1295 3446 executioni
1320 3369 1509 3448 morandae
1525 3371 1562 3445 in
1579 3389 1629 3544 po
1658 3368 1715 3445 es·

640 3477 742 3552 uun,
791 3467 898 3548 sorio.
950 3465 1001 3545 Et
1025 3468 1101 3546 duo
1123 3473 1237 3572 igitur
1259 3468 1409 3547 vincula
1436 3470 1565 3548 fortius
1601 3471 1611 3544 i
1639 3489 1713 3548 ant.

639 3564 707 3638 ms·
717 3585 739 3625 ¹·
793 3569 843 3649 Er
857 3569 937 3646 haec
952 3568 1056 3652 duo,
1081 3570 1122 3648 &
1138 3590 1309 3672 praeterea
1326 3572 1519 3649 calumniae
1535 3492 1711 3668 praium-

642 3639 773 3792 [wi
790 3671 953 3772 prionem
973 3669 1090 3749 adhuc
1107 3671 1210 3748 tollet
1226 3669 1308 3748 haec
1325 3671 1496 3749 oblatio?
1526 3671 1636 3747 eti'anr
1658 3669 1713 3748 est

639 3810 749 3852 m.
788 3795 958 3857 vanum,
987 3772 1088 3872 quod
1116 3771 1256 3849 Decius
1283 3769 1396 3871 jadlat
1422 3769 1470 3848 de
1494 3792 1711 3870 argumento

787 3871 859 3948 alio
871 3871 1068 3951 Alexandri
1085 3874 1125 3948 in
1141 3893 1307 3951 autorem
1325 3891 1472 3950 retorto.
1502 3871 1596 3948 Non
1607 3873 1707 3948 eninr

784 3973 974 4072 sequitur,
1005 3970 1089 4050 ursi
1113 3970 1261 4073 speciale
1279 3971 1320 4049 fit
1336 3975 1375 4048 in
1397 3970 1592 4072 spoliatore
1618 3971 1711 4051 odio

783 4078 890 4174 ejus,
922 4097 971 4150 ne
986 4073 1180 4162 audiatur,
1205 4072 1313 4148 etiam
1333 4072 1434 4173 quod
1453 4071 1541 4149 velit
1557 4072 1709 4171 probare

774 4175 1052 4263 incontinenti,
1079 4193 1122 4250 ut
1137 4172 1179 4250 srt
1193 4177 1419 4250 contrarium
1447 4174 1487 4247 in
1507 4173 1709 4250 calumnia·

785 4293 877 4350 tore.
925 4271 1009 4350 lmo
1031 4273 1239 4351 Alexander
1256 4275 1394 4374 probe,
1419 4271 1520 4372 quod
1538 4270 1611 4349 srin
1626 4272 1710 4372 spo·

780 4373 908 4450 liatore
926 4371 974 4450 fic
990 4373 1074 4463 est,
1099 4375 1209 4449 etiam
1227 4373 1267 4448 in
1290 4374 1554 4450 calumniatore
1571 4371 1620 4450 fic
1635 4369 1709 4450 eli'e

778 4473 922 4554 debeat.
972 4471 1455 4572 Odiosrssrrnusnamquee'st
1470 4492 1644 4572 uterque·
1657 4473 1708 4550 Et

778 4587 902 4652 tamen
930 4597 1009 4653 noo
1034 4575 1224 4678 aggredior
1243 4575 1402 4674 penitius
1427 4561 1521 4652 iilud
1541 4595 1705 4652 examen.

1614 4669 1708 4749 Satis
