4452 5904
627 981 1312 1091 DEDICATORIA

509 1197 608 1298 quo
629 1169 731 1298 jure
751 1163 997 1301 disceptari
1019 1198 1259 1303 pateretur.
1326 1167 1431 1271 Nec
1493 1253 1497 1258 .

503 1319 692 1450 privatae
703 1317 956 1421 illaecauffae
967 1353 1127 1422 omnes
1138 1391 1155 1442 ,
1167 1327 1244 1424 vel
1262 1323 1320 1422 ad
1330 1324 1425 1453 pri·

504 1504 635 1578 vatos
643 1477 789 1576 modo
801 1480 1105 1610 pertinentes,
1131 1481 1209 1581 sed
1219 1481 1428 1613 quadam

502 1659 642 1737 etiam
660 1633 888 1766 publicae,
916 1639 1090 1770 dejure
1109 1638 1248 1758 belli,
1280 1641 1340 1740 de
1349 1645 1425 1772 ju·

502 1824 817 1930 tereguorum
837 1825 893 1892 ac
911 1791 1140 1895 foederum
1158 1821 1298 1895 erant.
1353 1796 1428 1895 O·

506 1956 686 2054 mnium
696 1985 851 2057 autem
860 1985 993 2075 cura,
1012 1987 1067 2056 ac
1084 1955 1430 2085 solicitudo'pro

510 2111 739 2249 Hispanis
757 2113 851 2216 suis
869 2115 1114 2217 necessario
1140 2115 1432 2218 incumbebat

506 2273 586 2391 ei,
619 2274 702 2405 qui
721 2271 807 2372 illo
826 2300 1034 2405 tempore
1061 2273 1112 2371 in
1137 2271 1305 2406 Anglia
1333 2273 1437 2374 Ca..

504 2427 621 2532 thot
676 2430 826 2567 Regis
843 2428 981 2530 vestri
999 2430 1185 2529 nomine
1205 2431 1429 2564 Legatum

501 2587 679 2723 agebat.
710 2583 874 2688 Istum
893 2613 990 2687 erat
1007 2588 1188 2724 gentilis
1203 2614 1331 2708 tuus,
1363 2587 1429 2688 ll·

502 2743 782 2848 lustriffimus
807 2757 855 2857 &
883 2743 1293 2864 Excellentiffimus
1311 2747 1422 2850 Don

507 2902 931 3037 PetrusdeZunica
940 2971 959 3024 ,
991 2903 1426 3044 virsuprasplendo-

507 3098 607 3164 tem
621 3066 869 3185 natalium,
892 3097 990 3198 quo
997 3065 1279 3200 principibus
1287 3071 1429 3168 totius

506 3222 747 3358 Hispania
776 3221 963 3325 familiis
990 3226 1135 3329 vestra
1164 3256 1428 3330 annumera-

506 3411 608 3499 tur,
640 3384 855 3484 niaximis
872 3383 1131 3516 quibusque
1146 3384 1197 3480 in
1215 3385 1420 3518 Republ.

508 3544 781 3648 muneribus·
796 3541 1227 3663 exercitatiffimus,
1257 3545 1427 3652 adhoc

508 3705 722 3827 virtute,
751 3704 1033 3837 prudentia,
1065 3701 1426 3838 magnificentia,

508 3893 650 3997 atque
686 3860 967 3965 humanitate
992 3863 1201 3994 inprimis
1231 3863 1426 4001 infiguis.

509 4021 652 4124 Abeo
662 4020 916 4155 appellatus
926 4019 1428 4124 fratermeushumanis·

510 4178 621 4280 stme
641 4178 753 4298 fuit,
783 4212 836 4282 ut
852 4181 1059 4280 omnium
1076 4178 1282 4298 illarum,
1313 4216 1426 4316 quas

510 4331 636 4458 dixi,
669 4337 914 4440 caussarum
928 4339 1275 4440 advocationem
1292 4344 1341 4438 in
1351 4339 1438 4440 se·-

521 4493 593 4613 se,
623 4496 881 4602 honorifico
889 4499 1048 4600 salario
1057 4497 1328 4620 constituto,
1346 4531 1429 4634 pa·

1025 4659 1056 4721 ἦ
1094 4690 1115 4780 3
1344 4681 1437 4759 tto·
