4484 5898
626 953 840 1034 Hxsnu.
861 958 1127 1042 Anvocn.
1161 959 1265 1040 ιη.
1284 965 1322 1046 1.
1395 986 1441 1067 37

525 1081 759 1180 exceptiones
774 1074 941 1178 plurimae
950 1081 1061 1157 etiam
1071 1079 1117 1157 ad
1132 1081 1322 1183 regulam,
1345 1085 1446 1186 quod

524 1181 696 1278 spoliatus
713 1178 844 1254 debeat
858 1178 995 1256 restitui
1004 1202 1088 1258 ante
1095 1185 1221 1259 omnia
1229 1202 1371 1264 tantum
1379 1188 1447 1264 ab·

524 1279 601 1371 est,
626 1300 667 1356 ut
686 1278 811 1378 (quod
818 1280 918 1376 ajunt
926 1278 1136 1378 adversarii)
1152 1283 1249 1358 nulla
1259 1289 1446 1388 exceptio-

523 1404 574 1456 ne
582 1379 747 1457 obstante
765 1378 844 1456 fieri
857 1379 951 1455 istud
959 1399 1134 1481 oporteat.
1179 1382 1332 1460 ‘Etiam
1344 1391 1477 1464 inar-e
1498 1380 1575 1440 ⁶¹³¹·

523 1479 624 1557 restis
636 1503 715 1560 uon
733 1480 838 1556 aliam
850 1482 1027 1557 rationem
1043 1479 1237 1560 observant
1246 1483 1446 1578 officiales,
1459 1459 1521 1590 ἵζ’
1522 1455 1587 1532 mfl
1588 1496 1596 1514 '

524 1601 636 1680 quam
655 1580 750 1657 hanc
766 1578 814 1655 de
829 1578 928 1655 fasto
944 1583 1262 1680 extrajudicialem.
1307 1585 1449 1662 Fruan·

522 1699 584 1757 tur
599 1679 799 1765 Hollandi,
820 1679 986 1758 fruantur
1001 1685 1094 1758 mari
1108 1706 1264 1775 omnes,
1282 1682 1341 1760 scd
1358 1687 1448 1762 citra

523 1782 694 1879 injuriam
718 1783 847 1857 alienae
868 1779 1139 1878 jurisdictionis.
1188 1781 1285 1862 fSed
1310 1785 1351 1862 &
1367 1791 1471 1862 me-f
1491 1795 1558 1854 Alf·
1573 1813 1598 1852 ι·

524 1883 702 1957 minerint
719 1903 871 1969 omnes,
894 1880 966 1956 effe
985 1883 1026 1958 &
1044 1881 1200 1960 modum
1217 1885 1372 1976 marini,
1389 1904 1445 1962 at·
1458 1873 1491 1928 ‘¹‘
1505 1873 1546 1940 ¹³¹·
1558 1867 1599 1928 ⁵³·

524 2005 596 2082 que
611 1982 734 2056 omnis
752 1982 902 2057 itineris.
952 1979 970 2038 Β
979 1979 1249 2073 Meminerint,
1271 1987 1338 2060 alia
1354 1984 1444 2060 olim
1458 1962 1595 2095 &bam

524 2077 754 2169 indistin&a,
779 2105 864 2180 quae
882 2079 1051 2157 distinsta
1066 2081 1276 2160 sunthodie.
1299 2085 1340 2162 &
1358 2107 1445 2160 cau·
1458 2115 1485 2170 ‹1-
1496 2109 1525 2169 7·

525 2181 652 2258 tiffime
681 2180 891 2257 servandam
926 2177 1199 2258 distinctionem
1229 2185 1322 2281 juris
1355 2207 1447 2284 gen·

524 2282 643 2369 tium,
667 2277 919 2358 dominiorum
940 2299 1051 2384 atque
1066 2280 1372 2382 jurisdistionum.

808 2661 1177 2747 eavurlx

526 2880 698 2973 Utrum
718 2869 1047 3001 cadamusjuste
1065 2900 1160 2990 eos,
1187 2878 1264 3002 qui
1276 2876 1449 3007 profici.

631 3003 1337 3108 scanturadmilieiamnoflmumhoflium?

524 3205 645 3372 ET
673 3207 846 3304 videtur,
864 3208 948 3308 jure
964 3203 1065 3309 posse
1082 3206 1128 3283 ab
1148 3201 1346 3289 Hollandis
1370 3209 1452 3308 capi

601 3306 765 3408 caedique
777 3332 906 3386 omnes
924 3309 1024 3386 velut
1037 3305 1185 3398 hostes,
1207 3311 1272 3407 qui
1292 3305 1338 3384 ad
1352 3310 1452 3382 milz-

523 3408 614 3485 tiam
633 3407 795 3485 hostium
823 3407 1105 3507 proficiscantur.
1153 3405 1259 3482 Nam
1285 3407 1367 3484 sunt
1389 3404 1452 3482 isti

524 3509 714 3586 militaturi
722 3507 886 3586 hostibus
895 3508 1039 3599 statim,
1063 3509 1184 3607 itaque
1199 3504 1300 3582 idem
1317 3506 1382 3596 fit,
1409 3527 1453 3583 ac

527 3605 601 3683 fiin
613 3608 801 3707 praesentia
819 3610 989 3690 militent.
1036 3606 1120 3683 “Ut
1138 3607 1236 3704 paria
1254 3606 1358 3699 sunt,
1384 3603 1482 3683 ali-⁸
1502 3585 1586 3664 Μ’·

525 3707 615 3804 quid
624 3707 695 3784 effe
705 3708 750 3785 de
758 3706 946 3809 praesenti,
973 3704 1205 3881 &exgestari
1215 3704 1261 3782 de
1267 3708 1450 3807 proximo.
1461 3667 1530 3814 {J
1536 3668 1602 3798 51}

527 3805 579 3882 Et
609 3810 771 3907 potentia
801 3809 1007 3908 propinqua
1037 3831 1058 3882 a
1100 3807 1136 3881 ui
1168 3826 1352 3905 reputatur
1384 3828 1452 3910 pro
1465 3811 1569 3890 ws-

525 3905 644 3998 πᾶα,
680 3907 758 3988 &c.
813 3906 983 3984 Dubium
1003 3925 1125 3984 autem
1144 3907 1294 3982 nonest
1315 3955 1329 3996 ‚
1361 3907 1453 4004 quin
1466 3889 1512 3960 ⁶⁴*

524 4007 630 4084 liceat
637 4006 1129 4104 paederemilitantesomnes.
1181 4006 1456 4104 Atquehicmi·

527 4105 705 4197 hinotes‚
727 4109 842 4207 quaeri
851 4107 895 4182 de
904 4108 980 4196 his,
1003 4109 1066 4209 qui
1076 4127 1214 4182 nomen
1232 4102 1454 4205 quoquede-

526 4205 659 4282 derunt
668 4207 763 4284 hosti
786 4229 798 4280 ε
823 4208 1015 4308 pecuniam
1035 4209 1074 4281 in
1085 4199 1305 4306 stipendium
1312 4227 1454 4311 praece·

528 4318 660 4406 petunt
668 4307 713 4381 ab
722 4307 823 4384 hoste
847 4332 856 4380 ε
880 4309 1000 4407 itaque
1016 4305 1083 4382 iter
1092 4305 1228 4381 faciunt
1243 4305 1284 4381 &
1302 4305 1450 4402 quidem

530 4403 939 4488 neceffanoadhostem.
971 4403 1457 4504 Etergosucceditaliudar·

530 4524 749 4604 gumentum
771 4506 790 4563 ὓ
812 4507 833 4582 ὲ
849 4505 969 4608 regula
987 4501 1196 4582 attendendi
1213 4505 1454 4602 principium,
1465 4473 1598 4630 {faa

533 4627 622 4684 cum
639 4603 721 4683 finis
739 4605 931 4688 ncceffarie
950 4605 1174 4782 princffium
1191 4601 1356 4703 sequitur.
1403 4599 1455 4718 ξε

1112 4724 1130 4786 ²
1349 4715 1455 4778 terno
