4452 5904
979 990 1022 1090 E
1057 989 1099 1091 P
1130 985 1156 1089 1
1189 989 1222 1088 S
1257 985 1308 1089 T
1342 988 1394 1090 Ο
1424 989 1472 1096 L
1500 991 1549 1091 A

805 1165 1151 1304 trociniumque
1183 1165 1422 1298 reciperet.
1466 1171 1737 1303 quodcum

801 1323 863 1425 ab
885 1325 972 1426 illo
997 1323 1329 1462 impetravisset
1346 1328 1604 1437 adcedente
1626 1370 1739 1472 prae·

799 1477 956 1586 sertim
975 1489 1196 1594 consensu
1207 1522 1350 1625 atque
1363 1491 1581 1621 permiffu
1591 1497 1741 1636 Regis
1890 1599 1893 1606 .

801 1673 979 1781 magnae
997 1649 1245 1752 Britanniae
1260 1720 1294 1772 ,.
1310 1655 1440 1782 cujus
1467 1653 1515 1750 in
1534 1654 1734 1786 imperio

800 1800 945 1905 frater
966 1837 1098 1930 erat,
1128 1847 1224 1912 non
1249 1815 1505 1916 mediocres
1523 1817 1741 1921 utilitates

804 1958 851 2058 se
878 1951 1145 2072 hominibus
1185 1976 1333 2110 gentis
1363 1971 1559 2091 vestite,
1589 1971 1741 2083 fratris

803 2131 897 2252 mei
915 2163 1082 2262 opera,
1101 2135 1326 2257 attuliffe,
1344 2167 1429 2234 nec
1446 2133 1492 2234 se
1508 2125 1648 2240 animi
1666 2148 1739 2275 ju.

803 2285 1037 2426 diciique,
1055 2299 1188 2433 qnod
1208 2300 1268 2399 de
1288 2303 1384 2431 ejus
1396 2295 1663 2432 diligentia,
1679 2301 1739 2402 fi·

805 2459 893 2574 de,
914 2459 1176 2595 integritate
1198 2460 1739 2595 praeiiantiquedofflna

806 2648 1109 2750 conceperat,
1128 2620 1293 2752 reipsa
1312 2621 1558 2754 cognovit,
1574 2657 1738 2758 expet·

805 2781 973 2915 tuique
988 2782 1066 2884 est.
1101 2784 1380 2886 Triennium
1394 2782 1444 2882 in
1464 2816 1526 2882 eo
1548 2815 1741 2918 munere

803 2945 1006 3049 versatus
1028 2945 1168 3046 frater
1179 2979 1286 3045 cum
1296 2941 1428 3060 effet,
1462 2945 1591 3045 diem
1602 2944 1735 3048 suum

804 3104 950 3222 obiit,
977 3108 1215 3221 maximo,
1234 3129 1287 3200 ut
1304 3103 1491 3230 accepi,
1523 3100 1733 3205 Illustris·

804 3263 904 3365 snni
926 3265 1119 3399 Legati,
1153 3265 1237 3395 qui
1248 3263 1377 3358 illum
1389 3259 1564 3363 sumine
1574 3265 1736 3403 dilige·

804 3424 910 3543 bat,
926 3439 974 3529 &
986 3427 1193 3525 omnium
1215 3423 1626 3526 bonorumdolore.
1645 3427 1735 3529 Me

806 3587 1000 3723 quidem
1021 3617 1128 3686 cuin
1146 3585 1225 3687 ille
1242 3581 1368 3686 casus
1388 3584 1521 3716 supra
1539 3589 1734 3688 modum

807 3746 1078 3866 afflixiffet,
1103 3775 1159 3848 ut
1186 3744 1361 3846 neceffe
1383 3773 1516 3863 erat,
1543 3748 1591 3845 in
1609 3772 1733 3848 tanta

805 3908 1511 4040 naturae,studiorum,rerumque
1522 3910 1733 4008 omnium

803 4069 1152 4201 conjunftione5
1184 4102 1277 4169 non
1291 4072 1356 4171 ita
1377 4100 1530 4171 tamen
1550 4100 1627 4169 me
1644 4069 1731 4170 do·

801 4233 991 4335 mestica
1003 4233 1214 4365 jaiiura„
1245 4265 1384 4366 quam
1412 4229 1597 4364 pubhca
1626 4231 1729 4333 lite·

800 4427 950 4496 rarum
970 4467 988 4514 ,
1022 4395 1326 4531 inprimisque
1348 4394 1729 4532 Jurispntdentiae

805 4559 1039 4665 calamitas
1060 4586 1250 4692 accepta
1280 4563 1442 4668 movit.
1511 4563 1583 4666 Ut
1600 4558 1726 4655 enim

1612 4713 1728 4820 nihil
