4432 5898
472 1177 702 1258 ERRATA
739 1177 798 1257 IN
835 1176 953 1256 THE
991 1175 1225 1256 EDITION
1261 1175 1333 1256 OF
1370 1173 1478 1254 1661.

281 1474 352 1512 and!
418 1473 485 1512 HN!
650 1474 739 1526 1³01¹
1146 1474 1222 1512 READ

310 1545 341 1608 vi
406 1545 466 1622 7-8
613 1545 777 1623 judiciique
1050 1545 1215 1625 judiciique
1237 1544 1407 1622 paenitebat

288 1629 339 1692 xvi
449 1647 484 1692 12
611 1629 735 1692 modum
1053 1645 1167 1692 metum

323 1729 340 1790 7
451 1732 488 1790 14
613 1727 757 1789 ceperunt
1053 1729 1196 1789 ceperunt

323 1797 342 1862 8
447 1815 490 1860 20
615 1796 720 1860 Molin
1055 1796 1179 1860 Molina

322 1901 342 1958 9
448 1899 489 1958 34
615 1880 723 1945 rescuti
1056 1881 1171 1945 restitui

305 1983 343 2028 10
473 1984 485 2027 1
614 1965 672 2028 dici
1055 1965 1113 2029 diei

306 2067 342 2112 12
452 2067 490 2112 10
614 2050 666 2126 qui
1054 2050 1139 2115 cuius

306 2150 340 2208 13
448 2149 530 2209 35,
613 2133 808 2210 perductione
1054 2134 1279 2211 perductionem
1376 2163 1377 2168 ¹

301 2234 341 2279 22
451 2235 488 2293 19
613 2217 665 2294 qui
1055 2218 1107 2294 qui
1133 2239 1241 2293 corpus
1267 2218 1298 2280 in
1326 2218 1432 2281 itinere
1459 2215 1596 2280 defuncti
1623 2233 1679 2290 per

1093 2303 1245 2378 vicosaut
1262 2301 1406 2378 oppidum

449 2402 488 2460 33
615 2383 686 2449 belli
1056 2385 1134 2450 Belli

468 2486 595 2546 3marq.
617 2468 662 2532 br.
1054 2493 1116 2548 per.

468 2553 488 2616 6
613 2553 642 2618 &
661 2553 692 2616 in
711 2552 806 2617 ullam
1051 2569 1081 2618 et
1101 2556 1130 2618 in
1150 2553 1267 2618 nullam
1287 2576 1320 2616 or
1338 2573 1393 2616 nec
1412 2553 1443 2615 in
1462 2550 1558 2616 ullam

453 2654 485 2698 11
615 2637 670 2700 hac
1055 2638 1119 2702 haec
1171 2685 1174 2692 -

382 2737 484 2795 22-23
611 2720 788 2797 eripuerunt
1051 2725 1225 2797 eripuerant

448 2820 490 2880 29
615 2825 655 2867 no
1055 2827 1093 2869 ne

454 2905 489 2950 12
616 2889 676 2952 etia
1051 2890 1141 2954 etiam

453 2989 490 3034 10
615 2974 798 3037 contrariam
819 2994 1010 3037 communem
1055 2971 1238 3036 contrariam
1258 2968 1411 3034 communi

471 3055 490 3120 8
615 3055 740 3134 victigal
1055 3054 1185 3133 vectigal
1241 3122 1248 3143 ‚

453 3153 488 3214 17
614 3133 846 3212 unitanpoimt
1054 3128 1158 3214 μάλα
1174 3145 1300 3210 naama

450 3237 488 3297 35
612 3209 824 3310 εξάκθυσαι
1057 3217 1264 3310 &inaminata

450 3321 487 3381 35
611 3320 735 3395 νοφρν
1060 3299 1186 3394 ‘potina‘

450 3406 492 3452 2ο
608 3389 743 3466 iniant
1057 3388 1246 3466 Oaianom

451 3489 493 3547 30
616 3471 740 3536 obesessi
1057 3471 1162 3535 obsessi

392 3573 493 3632 13-14
618 3557 718 3633 posuit
1059 3555 1157 3632 potuit

451 3656 494 3702 20
619 3641 749 3718 Legatos
1058 3638 1166 3718 ligatos
1228 3704 1235 3724 .

451 3739 488 3785 21
615 3721 867 3790 φυλαλοντῶν
1059 3719 1342 3800 φυλασσοντων

473 3826 493 3883 4
618 3804 784 3883 lignamina
1059 3802 1202 3881 ligamina

473 3908 493 3954 2
620 3905 680 3952 tem
1059 3903 1132 3951 tunc

453 3989 492 4050 35
621 3973 765 4050 Hispanit
1061 3970 1189 4047 Hispani

474 4058 493 4123 8
621 4055 642 4120 il
664 4079 695 4120 as
1060 4054 1127 4120 ilias

475 4157 601 4218 snam.
625 4139 766 4204 Straccha
1061 4139 1210 4204 Stracchae

452 4241 494 4301 29
620 4222 727 4287 ibibem
1061 4222 1170 4287 ibidem

291 4327 346 4384 103
453 4308 493 4373 28
620 4304 806 4368 κατακοῦς
1054 4303 1237 4380 μαλακῶν

292 4410 346 4468 103
453 4409 491 4466 31
621 4388 784 4454 Novellam
1062 4386 1209 4450 Novellae

292 4493 346 4551 103
453 4493 490 4550 31
613 4456 842 4568 Ἀλλιωδᾳπός
1050 4454 1269 4565 manantis

292 4577 349 4623 120
452 4575 492 4623 22
621 4569 775 4619 territorio
1062 4565 1215 4615 territorio

293 4661 348 4720 127
454 4661 494 4791 ag
621 4636 739 4703 omibus
1061 4635 1200 4700 omnibus

459 4744 470 4787 1

293 4745 349 4804 129
622 4725 716 4787 iratus
1062 4720 1178 4783 iuratus

293 4829 351 4886 130
455 4829 495 4886 29
620 4821 700 4872 nstat
1060 4803 1161 4867 obstat

294 4895 350 4971 136
455 4896 495 4959 26
622 4891 649 4956 &
681 4975 688 4989 ι
1061 4902 1098 4986 tat

294 4995 349 5054 142
393 4995 494 5054 24-25
623 4996 711 5037 mm
736 4997 771 5038 eo
1063 4994 1093 5034 1n
1115 4994 1149 5036 eo
1281 5041 1284 5048 ,

293 5079 348 5137 143
458 5060 494 5125 18
621 5059 681 5121 duo
1063 5055 1179 5119 duobus

293 5144 350 5220 146
478 5161 491 5204 1
621 5163 659 5204 an
681 5154 803 5219 gustare
1062 5154 1222 5216 angustare
