4452 5904
977 915 1548 1030 EPISTOLA

793 1095 921 1205 Nam
940 1098 1111 1204 reliffis
1127 1098 1444 1234 compluribus
1461 1104 1638 1242 dejure
1658 1101 1724 1204 ci·

793 1264 882 1368 viii
909 1261 1287 1380 commentariis,
1318 1291 1428 1364 cum
1461 1296 1543 1366 eos
1568 1294 1729 1366 omues

792 1419 1024 1560 supprimi
1050 1421 1129 1528 vel
1154 1419 1332 1524 aboleri
1354 1417 1572 1557 juffiffet,
1600 1424 1728 1530 hunc

798 1585 947 1691 solum
966 1585 1179 1718 excepit,
1210 1613 1379 1716 quem,
1401 1583 1532 1717 quod
1555 1585 1732 1710 minus,

674 1775 677 1780 “
799 1779 945 1886 quam
954 1744 1130 1863 caeteri,
1147 1737 1445 1874 imperfectus
1452 1743 1731 1878 ,minusque
1839 1781 1845 1790 ·

798 1903 1045 2039 impolitus
1073 1893 1184 2006 effet
1205 1904 1306 2016 ‚in
1329 1899 1483 2002 lucem
1507 1903 1631 2003 ime
1651 1891 1732 2002 edi

801 2060 968 2164 voluit.
1003 2057 1232 2159 Continet
1249 2055 1496 2161 autemhic
1513 2055 1732 2158 liberdis-

800 2219 1086 2355 ceptationes
1111 2249 1269 2322 eurum
1296 2215 1732 2354 controversatum,

801 2411 920 2518 quas
947 2379 997 2476 in
1024 2410 1169 2513 regno
1201 2375 1384 2510 Angliae
1409 2372 1617 2510 Hispani
1631 2375 1731 2477 ulii·

803 2572 899 2674 que
937 2537 1127 2642 Cathol.
1154 2533 1335 2671 Majest.
1384 2533 1593 2658 subditi,
1624 2569 1732 2639 cum

801 2701 1003 2803 externis
1022 2710 1071 2802 &
1087 2695 1185 2798 fere
1206 2693 1464 2796 Hoilandis·
1478 2698 1733 2834 agitavere,

804 2890 943 2960 exeo
960 2883 1206 2991 tempore,
1235 2890 1334 2992 quo
1353 2841 1664 2958 Sereniffimus
1683 2865 1733 2958 &

808 3015 1167 3151 Sapientiffrmus
1177 3019 1290 3118 Rex
1301 3011 1505 3149 Jacobus
1519 3013 1558 3113 1.
1568 3011 1734 3118 floren·

801 3175 963 3278 tissimi
980 3177 1102 3277 illius
1120 3175 1250 3311 regni
1268 3167 1585 3303 possessionem
1603 3207 1733 3318 acce·

802 3340 888 3468 pit.
933 3337 1065 3438 Nam
1084 3365 1201 3468 pace
1219 3365 1329 3434 cum
1347 3331 1567 3465 Hispanis
1587 3333 1735 3480 fasta,

801 3494 1024 3630 initisque
1041 3493 1334 3614 foederibus,
1366 3527 1474 3596 cum
1492 3488 1617 3632 quafi
1634 3531 1732 3599 me·

804 3657 911 3758 dius
920 3657 1207 3792 interjeitus‚
1224 3657 1342 3756 inter
1351 3658 1462 3758 duas
1467 3685 1623 3794 gentes
1634 3657 1731 3760 bel·

803 3815 854 3916 lo
870 3816 1131 3953 graviffimo
1143 3853 1198 3920 ac
1208 3851 1328 3952 pene
1350 3819 1630 3922 interneciuo
1641 3818 1732 3923 dis-

794 3971 1032 4101 fidentes,
1059 3982 1245 4111 utrique
1276 4007 1428 4084 tamen
1444 3985 1649 4102 amicuS,
1681 3992 1730 4085 &

799 4125 1051 4244 foederatus
1062 4136 1198 4263 effer,
1228 4177 1323 4245 non
1331 4147 1512 4280 potuit,
1544 4144 1657 4280 quin
1667 4144 1729 4244 de

800 4299 1119 4402 controversiis
1138 4335 1329 4438 quoque
1346 4339 1532 4426 earum,
1566 4335 1730 4438 quere.

799 4458 983 4597 lisque,
1016 4496 1128 4594 quas
1145 4468 1208 4568 ad
1224 4463 1319 4570 sese
1346 4466 1639 4587 detulissent,
1669 4497 1727 4562 τε·

1629 4657 1729 4766 quo
