4484 5898
632 973 847 1056 Hmuu.
871 986 1147 1062 Anvocan.
1170 979 1274 1064 Lra.
1299 988 1331 1068 Ι.
1404 1011 1449 1090 7r
1578 949 1580 954 Ι

536 1129 652 1204 neat,
675 1110 777 1211 quod
797 1108 904 1202 dixi,
928 1112 1108 1204 incertum
1126 1132 1139 1203 3
1166 1111 1211 1189 &
1226 1113 1328 1212 quod
1344 1116 1458 1200 verba

533 1209 713 1311 (ordiri)
735 1207 809 1311 ipsa
818 1208 1027 1312 fignificanr.
1073 1209 1225 1288 Atvero
1242 1211 1268 1288 fi
1286 1215 1459 1293 casushic

531 1310 572 1386 in
588 1313 732 1391 incerto
746 1309 931 1390 versatur,
952 1313 1060 1389 ctiam
1072 1310 1142 1389 erit
1151 1310 1292 1408 Judicis
1307 1316 1433 1393 videre
1443 1365 1459 1408 ‚

531 1411 620 1510 quid
629 1412 846 1514 oporteatde
854 1411 1276 1491 restitutioneconstitui.
1323 1409 1594 1492 ⁰Nam011fiu

531 1509 598 1586 etfi
618 1511 767 1592 mandet
793 1511 970 1616 Princeps
998 1514 1217 1599 immutari,
1240 1513 1414 1616 quicquid
1436 1490 1608 1624 a24J'·:{'

531 1627 808 1714 certotempore
816 1612 887 1691 fuit
895 1631 1141 1708 attentatum,
1161 1614 1458 1693 deattentatione
1488 1607 1495 1625 '
1542 1583 1557 1639 ¹
1599 1605 1608 1624 ’

528 1707 569 1785 id
582 1713 797 1888 intellifitur
814 1713 947 1813 injusta
962 1729 1120 1792 tautum.
1169 1713 1219 1791 Et
1234 1713 1261 1790 fi
1276 1714 1459 1814 hicJudex

529 1810 686 1910 igiturvi
713 1816 781 1892 erit
789 1812 836 1890 de
851 1813 988 1912 justitia
997 1812 1110 1905 facti,
1130 1813 1168 1891 id
1177 1839 1255 1893 non
1265 1817 1457 1896 revocabi-

527 1927 590 1988 tur
599 1913 733 1993 statim.
783 1911 1184 2011 ConfidembitJudex:
1202 1918 1357 1993 nomine
1371 1918 1458 2017 qui·

529 2010 616 2090 dem
637 2014 808 2114 publico,
835 2032 873 2092 at
888 2015 1034 2115 sumptu
1050 2018 1217 2118 privato,
1236 2017 1279 2094 δι
1294 2017 1339 2094 id
1361 2019 1457 2094 utili·

527 2127 643 2193 tatem
660 2115 838 2213 privatam
849 2115 947 2218 gesta
955 2118 1046 2193 haec.
1092 2114 1268 2194 Etiam&
1301 2116 1374 2194 uod
1390 2140 1459 2218 pro

529 2215 637 2292 venia
657 2215 742 2292 belli
760 2215 808 2292 fic
829 2216 981 2318 gerendi
1002 2215 1099 2294 cons
1139 2217 1256 2294 uenda
1274 2141 1362 2293 dui
1387 2217 1459 2295 srnt

529 2313 700 2416 sumptus.
749 2313 810 2393 Ut
835 2317 996 2416 parphaec
1015 2340 1093 2394 non
1134 2335 1164 2393 rt
1180 2315 1297 2394 caussa
1315 2318 1389 2412 illi,
1410 2315 1460 2396 de

529 2437 602 2514 qua
623 2412 699 2496 dixi
726 2417 766 2492 in
790 2419 1008 2520 principio,
1036 2416 1163 2496 dixisse
1180 2441 1243 2493 me
1261 2418 1355 2493 alibi.
1405 2416 1459 2496 Et

530 2513 785 2614 privatishisce
802 2518 907 2597 volet
921 2517 1175 2620 proculdubio
1192 2515 1365 2620 Princeps
1383 2519 1460 2595 mi·

529 2637 600 2693 nus
617 2614 868 2796 intercipere,
894 2641 1004 2719 quam
1023 2618 1180 2720 publicis
1199 2620 1358 2695 omnino
1374 2616 1457 2695 suis.

527 2711 742 2815 Ignorantes
784 2715 927 2796 dicrum
938 2717 1042 2796 nolet
1050 2719 1147 2796 forte
1165 2715 1315 2820 spoliare
1334 2716 1457 2794 frudiu

524 2815 720 2910 laborum,
740 2817 782 2896 δε
798 2816 1028 2994 sumptuum.
1076 2817 1217 2919 Neque
1225 2821 1333 2896 enim
1343 2819 1460 2996 ξω·

527 2933 647 2996 rantes
664 2917 817 3020 ligavit,
834 2919 874 2996 ni
888 2945 901 2994 r
917 2919 1001 3022 post
1017 2918 1116 2996 diem
1135 2919 1242 3018 pacis.
1292 2916 1342 2995 Pr
1393 2935 1456 3008 et,

554 3018 592 3093 ui
609 3015 696 3095 dicit
705 3016 864 3120 Legatos
879 3021 1090 3120 ignorantes
1107 3019 1233 3096 abillis
1250 3019 1394 3112 verbis,
1415 3037 1458 3096 ut

527 3039 576 3192 de
592 3115 696 3196 fadis
716 3119 799 3220 post
815 3118 916 3197 diem
933 3118 1034 3197 iilam
1053 3117 1264 3236 vigesimam
1289 3136 1458 3220 quartam

527 3215 807 3297 reddaturratio.
857 3219 1025 3296 Notatur
1042 3219 1192 3320 quidem
1209 3216 1341 3296 diesin
1360 3217 1430 3294 iuis
1445 3265 1463 3310 ,

527 3318 1083 3422 etiamobligatioconstituitur,
1103 3318 1163 3397 sed
1171 3320 1273 3420 cujus
1281 3318 1360 3398 rei?
1379 3313 1459 3397 Hic

527 3419 648 3519 captio
663 3419 725 3498 est.
773 3403 995 3499 Reddendae
1021 3421 1205 3511 rationis,
1233 3419 1353 3519 inquit
1372 3419 1456 3494 lex:

529 3540 608 3594 non
618 3520 739 3620 inquit
745 3568 761 3613 ‚
780 3519 976 3598 reddeddae
988 3521 1050 3599 rei.
1067 3520 1163 3597 Non
1175 3514 1363 3619 obligandi
1371 3515 1455 3594 sunt

529 3617 739 3718 ignorantes
747 3623 859 3712 ultra,
877 3645 990 3722 quam
1000 3621 1074 3698 obli
1101 3620 1150 3695 ati
1158 3617 1254 3695 sunt.
1276 3615 1473 3720 Deigno·.

528 3719 644 3795 santia
652 3718 696 3794 fit
705 3719 929 3806 videndum,
946 3645 1457 3818 finonitaffestata,cu1po·

528 3817 589 3911 sa,
608 3820 682 3898 &o
729 3821 861 3899 1'Nam
877 3821 970 3899 etsri
1022 3837 1168 3899 orantes
1198 3841 1268 3895 nec
1296 3817 1485 3919 ligenturp
1501 3829 1603 3890 veae

529 3921 762 4098 rrius
777 3940 901 4100 “did
918 3919 1453 4099 {addidimus
1466 3917 1602 4100 32:112:

529 4042 660 4223 posrdo
678 4049 758 4201 nodi
766 4123 855 4226 ligat
863 4046 941 4215 ddd,
952 4123 1017 4222 qui
1025 4119 1106 4196 sunt
1114 4120 1150 4194 in
1160 4065 1336 4220 prdbabili
1346 4122 1453 4219 igno·
1461 4096 1528 4174 confi
1538 4113 1584 4176 ³3·

530 4223 659 4305 rantis.
690 4217 1452 4322 Ethaecfaciuntmedubitareinistaquae·

310 4321 314 4330 ’
458 4363 462 4370 ·
530 4321 649 4404 stione
658 4345 746 4404 cum
754 4324 872 4409 verbis
880 4323 1113 4404 articulorum
1122 4320 1232 4422 pacis.

993 4619 1080 4718 E4
1274 4613 1459 4700 Canum
